@misc{btc,
   author = {Nakamoto, Satoshi},
   title = {Bitcoin: A Peer-to-Peer Electronic Cash System},
   url = {https://bitcoin.org/bitcoin.pdf},
   year = {2009},
   type = {Whitepaper}
}

@misc{buterin:2011,
    author = {Buterin, Vitalik},
    title = {An Exploration of Intrinsic Value},
    url = {https://bitcoinmagazine.com/8640/an-exploration-of-intrinsic-value-what-it-is-why-bitcoin-doesnt-have-it-and-why-bitcoin-does-have-it/},
    year = {2011},
    type = {article}
}

@misc{buterin:2015,
    author = {Buterin, Vitalik},
    title = {The P + epsilon Attack},
    url = {https://blog.ethereum.org/2015/01/28/p-epsilon-attack/},
    year = {2015},
    type = {article}
}

@misc{ethereum:main,
    author = {Buterin, Vitalik},
    title = {Ethereum: A next generation smart contract \& decentralized application platform},
    url = {https://www.ethereum.org/pdfs/EthereumWhitePaper.pdf},
    year = {2014},
    type = {Whitepaper}
}

@misc{ethereum:quote,
    author = {Buterin, Vitalik},
    title = {Ethereum: A next generation smart contract \& decentralized application platform},
    url = {https://www.ethereum.org/pdfs/EthereumWhitePaper.pdf},
    year = {2014},
    type = {Whitepaper},
    pages = {1}
}

@misc{git,
    title = {Git (software)},
    url = {http://en.wikipedia.org/wiki/Git_\%28software\%29}
}

@misc{docker-security,
    title = {Docker Security},
    url = {https://docs.docker.com/articles/security}
}

@misc{pivotaltracker,
    title = {Pivotaltracker Getting Started},
    url = {https://www.pivotaltracker.com/help/gettingstarted}

@misc{ethereum-github,
    title = {Ethereum White-Paper},
    url = {https://github.com/ethereum/wiki/wiki/White-Paper}
    
@misc{generic-json-rpc,
    title = {Generic JSON-RPC},
    url = {https://github.com/ethereum/wiki/wiki/JSON-RPC}
}

@misc{javascript-api,
    title = {JavaScript-API},
    url = {https://github.com/ethereum/wiki/wiki/JavaScript-API}
}

@misc{github-alethzero,
    title = {AlethZero},
    url = {https://github.com/ethereum/cpp-ethereum/wiki/Using-AlethZero}
}

@misc{eth:applicationstack,
    title = {Ethereum Application Stack by Vitalik Buterin},
    url = {http://www.reddit.com/r/ethereum/comments/2p7i3w/is_this_the_ethereum_application_stack/}
}







@article{baran,
    author = {Baran, P},
    title = {On Distributed Communications Networks},
    volume = {12},
    pages = {5},
    ISSN = {0096-2244},
    url = {http://www.attivissimo.net/timeline/paul-baran-on-distributed-comms.pdf},
    year = {1964},
    type = {Article}
}

@article{concert,
    author = {Chang, B. Y. E. and Crary, K. and DeLap, M. and Harper, R. and Liszka, J. and Murphy, T. and Pfenning, F.},
    title = {Trustless Grid computing in ConCert},
    journal = {Grid Computing - Grid 2002},
    volume = {2536},
    pages = {112-125},
    ISSN = {0302-9743},
    url = {<Go to ISI>://WOS:000182855700011},
    year = {2002},
    type = {Journal Article}
}

@inbook{korpela:2012,
    author = {Korpela, E. J.},
    title = {SETI@home, BOINC, and Volunteer Distributed Computing},
    booktitle = {Annual Review of Earth and Planetary Sciences, Vol 40},
    editor = {Jeanloz, R.},
    series = {Annual Review of Earth and Planetary Sciences},
    publisher = {Annual Reviews},
    address = {Palo Alto},
    volume = {40},
    pages = {69-87},
    ISBN = {0084-6597 978-0-8243-2040-9},
    DOI = {10.1146/annurev-earth-040809-152348},
    url = {<Go to ISI>://WOS:000307961500005},
    year = {2012},
    type = {Book Section}
}

@article{anderson:2005,
    author = {Anderson, D. P. and Korpela, E. and Walton, R.},
    title = {High-performance task distribution for volunteer computing},
    journal = {First International Conference on e-Science and Grid Computing, Proceedings},
    pages = {196-203},
    DOI = {10.1109/e-science.2005.51},
    url = {<Go to ISI>://WOS:000235152600027},
    year = {2005},
    type = {Journal Article}
}

@article{korpela:2001,
    author = {Korpela, E. and Werthimer, D. and Anderson, D. and Cobb, J. and Lebofsky, M.},
    title = {SETI@home - Massively distributed computing for SETI},
    journal = {Computing in Science \& Engineering},
    volume = {3},
    number = {1},
    pages = {78-83},
    ISSN = {1521-9615},
    DOI = {10.1109/5992.895191},
    url = {<Go to ISI>://WOS:000166120100014},
    year = {2001},
    type = {Journal Article}
}

@article{sarmenta:2002,
    author = {Sarmenta, L. F. G.},
    title = {Sabotage-tolerance mechanisms for volunteer computing systems},
    journal = {Future Generation Computer Systems},
    volume = {18},
    number = {4},
    pages = {561-572},
    ISSN = {0167-739X},
    DOI = {10.1016/s0167-739x(01)00077-2},
    url = {<Go to ISI>://WOS:000174691600011},
    year = {2002},
    type = {Journal Article}
}

@article{yurkewych:2005,
    author = {Yurkewych, Matthew and Levine, Brian N. and Rosenberg, Arnold L.},
    title = {On the Cost-Ineffectiveness of Redundancy in Commercial P2P Computing},
    journal = {Proc. ACM Conf. Comput. Commun. Secur., 12th, Alexandria, Va., Nov. 7â€“11},
    pages = {280-288},
    year = {2005},
    type = {Journal Article}
}