% ALLA KÄLLOR MÅSTE FÖLJA FORMATET NEDAN:
%@misc{asdf,
%   author = {Docker Incorporated},
%   title = "LaTeX --- Wikipedia{,} The Free Encyclopedia",
%   year = "2015",
%   url = "http://en.wikipedia.org/w/index.php?title=LaTeX&oldid=413720397",
%   note = "[Online; accessed 21-April-2015]"
%}

@misc{buterin:2011,
    author = "Buterin, Vitalik",
    title = "An Exploration of Intrinsic Value: What It Is, Why Bitcoin Doesn’t Have It, And Why Bitcoin Does Have It",
    url = "https://bitcoinmagazine.com/8640/",
    note = "Accessed 28-May-2015",
    year = "2011",
}

@misc{buterin:2015,
    author = "Buterin, Vitalik",
    title = {{The P + epsilon Attack}},
    url = {https://blog.ethereum.org/2015/01/28/p-epsilon-attack/},
    note = "Accessed 27-May-2015",
    year = "2015",
}

@misc{btc,
    author = {Nakamoto, Satoshi},
    title = {Bitcoin: A Peer-to-Peer Electronic Cash System},
    url = {https://bitcoin.org/bitcoin.pdf},
    year = {2008},
    note = "Accessed 28-May-2015",
}

@misc{docker-about,
    author = {{Docker, Inc.}},
    title = {{Understanding Docker}},
    url = "https://docs.docker.com/introduction/understanding-docker/",
    note = "Accessed 27-May-2015",
    year = "2015"

@misc{docker-security,
    author = {{Docker, Inc.}},
    title = {{Docker Security}},
    url = {https://docs.docker.com/articles/security},
    note = "Accessed 27-May-2015",
    year = "2015",
}

@misc{docker-dockerfile,
  author = {{Docker, Inc.}}, 
  title  = {{Dockerfile Reference}},
  url    = {https://docs.docker.com/v1.6/reference/builder/},
  note   = "Accessed 27-May-2015",
  year   = "2015"
}

@misc{git,
    author = "Git",
    title = {{About - Git}},
    url = {http://git-scm.com/about/distributed}
    note = "Accessed 21-April-2015",
    year = "2015",
}

@misc{rpi,
    author = {{Raspberry Pi Foundation}},
    title = {{Raspberry Pi 2 Model B}},
    url = "https://www.raspberrypi.org/products/raspberry-pi-2-model-b/",
    note = "Accessed 21-April-2015",
    year = "2015",
}

@misc{pivotaltracker,
    author = {{Pivotal Labs}},
    title = {Pivotal Tracker: Getting Started},
    url = {https://www.pivotaltracker.com/help/gettingstarted},
    note = "Accessed 21-April-2015",
    year = "2015",
}

@misc{ethereum:white,
    author = "Vitalik Buterin",
    title = {Ethereum: A Next-Generation Smart Contract and Decentralized Application Platform},
    url = {https://github.com/ethereum/wiki/wiki/White-Paper},
    note = "Accessed 21-April-2015",
    year = "2015",
}

@misc{ethereum:yellow,
    author = {Wood, Gavin},
    title = {Ethereum: A secure decentralised generalised transaction ledger},
    url = {http://gavwood.com/Paper.pdf},
    note = "Accessed 21-April-2015",
    year = {2015},
}

@misc{generic-json-rpc,
    author = "Ethereum",
    title = {{JSON RPC}},
    url = {https://github.com/ethereum/wiki/wiki/JSON-RPC},
    note = "Accessed 21-April-2015",
    year = {2015},
}

@misc{javascript-api,
    author = "Ethereum",
    title = {{JavaScript API}},
    url = {https://github.com/ethereum/wiki/wiki/JavaScript-API},
    note = "Accessed 21-April-2015",
    year = {2015},
}

@misc{ethereum-contract-abi,
    author = "Ethereum",
    title = {{Ethereum Contract ABI}},
    url = {https://github.com/ethereum/wiki/wiki/Ethereum-Contract-ABI},
    note = "Accessed 05-May-2015",
    year = {2015},
}

@misc{github-alethzero,
    author = "Ethereum",
    title = {AlethZero},
    url = {https://github.com/ethereum/cpp-ethereum/wiki/Using-AlethZero},
    note = "Accessed 21-April-2015",
    year = {2015},
}

@misc{github-goeth,
    author = "Ethereum",
    title = "go-ethereum",
    url = {https://github.com/ethereum/go-ethereum},
    note = "Accessed 14-May-2015",
    year = "2015"
}

@misc{github-cppeth,
    author = "Ethereum",
    title = "cpp-ethereum",
    url = {https://github.com/ethereum/cpp-ethereum},
    note = "Accessed 14-May-2015",
    year = "2015"
}

@misc{github-javaeth,
    author = "Ethereum",
    title = "ethereumj",
    url = {https://github.com/ethereum/ethereumj},
    note = "Accessed 14-May-2015",
    year = "2015"
}

@misc{github-pyeth,
    author = "Ethereum",
    title = "pyethereum",
    url = {https://github.com/ethereum/pyethereum},
    note = "Accessed 14-May-2015",
    year = "2015"
}

@misc{cook,
    author = "McCook, Hass",
    title = {{An Order-of-Magnitude Estimate of the Relative Sustainability of the Bitcoin Network}},
    url = {https://cdn.panteracapital.com/wp-content/uploads/The-Relative-Sustainability-of-the-Bitcoin-Network.pdf},
    note = "Accessed 29-April-2015",
    year = "2014"
}

@misc{igd-pcp:rfc,
  author       = {Boucadair, M. and Dupont, F. and Penno, R. and Wing, D.}, 
  title        = {Universal Plug and Play {(UPnP)} Internet Gateway Device -- Port Control Protocol Interworking Function},
  howpublished = {RFC (Request For Comments)},
  year         = 2013,
  note         = "Accessed 14-May-2015",
  url          = {https://tools.ietf.org/rfc/rfc6970.txt}
}

@misc{nat-pmp:rfc,
  author       = {Cheshire, S. and Krochmal, M.}, 
  title        = {NAT Port Mapping Protocol {(NAT-PMP)}},
  howpublished = {RFC (Request For Comments)},
  year         = 2013,
  url          = {https://tools.ietf.org/rfc/rfc6886.txt}
}

@misc{appengine,
   author = {{Google, Inc.}},
   title  = {{Overview of App Engine Features}},
   url    = "https://cloud.google.com/appengine/features/",
   note   = "Accessed 27-May-2015",
   year   = "2015"
}

@misc{elasticcloud,
   author = {{Amazon Web Services, Inc.}},
   title  = {{Amazon EC2 Product Details}},
   url    = "http://aws.amazon.com/ec2/details/",
   note   = "Accessed 27-May-2015",
   year   = "2015"
}

@article{guardian:nsa,
   author = "Greenwald, Glenn",
   journal = "The Guardian",
   title  = {{NSA Prism program taps in to user data of Apple, Google and others}},
   url    = "http://www.theguardian.com/world/2013/jun/06/us-tech-giants-nsa-data",
   note   = "Accessed 27-May-2015",
   year   = "2013"
}